<?xml version="1.0" encoding="UTF-8"?>
<p:Document xmlns:p="urn:iso:std:iso:20022:tech:xsd:pain.001.001.03" xmlns:xsi="http://www.w3.org/2001/XMLSchema-instance" xsi:schemaLocation="urn:iso:std:iso:20022:tech:xsd:pain.001.001.03 pain.001.001.03.xsd ">
  <p:CstmrCdtTrfInitn>
    <p:GrpHdr>
      <p:MsgId>98329837</p:MsgId>
      <p:CreDtTm>2017-11-12T23:51:32</p:CreDtTm>
      <p:NbOfTxs>1</p:NbOfTxs>
      <p:CtrlSum>145.65</p:CtrlSum>
      <p:InitgPty></p:InitgPty>
    </p:GrpHdr>
    <p:PmtInf>
      <p:PmtInfId>CHAS13987</p:PmtInfId>
      <p:PmtMtd>CHK</p:PmtMtd>
      <p:ReqdExctnDt>2017-11-13</p:ReqdExctnDt>
      <p:Dbtr>
        <p:Id>
          <p:OrgId>
            <p:BICOrBEI>CHASJP98127</p:BICOrBEI>
            <p:Othr>
              <p:Id>872361</p:Id>
            </p:Othr>
          </p:OrgId>
        </p:Id>
      </p:Dbtr>
      <p:DbtrAcct>
        <p:Id>
          <p:IBAN>JP928376721357632</p:IBAN>
        </p:Id>
      </p:DbtrAcct>
      <p:DbtrAgt>
        <p:FinInstnId>
          <p:ClrSysMmbId>
            <p:MmbId>8732186312</p:MmbId>
          </p:ClrSysMmbId>
        </p:FinInstnId>
        <p:BrnchId>
          <p:Id>CHASH8712</p:Id>
        </p:BrnchId>
      </p:DbtrAgt>
      <p:CdtTrfTxInf>
        <p:PmtId>
          <p:InstrId>7823769172</p:InstrId>
          <p:EndToEndId>p:EndToEndId</p:EndToEndId>
        </p:PmtId>
        <p:Amt>
          <p:InstdAmt Ccy="GBP">145.65</p:InstdAmt>
        </p:Amt>
        <p:Cdtr>
          <p:Id>
            <p:OrgId>
              <p:BICOrBEI>CITIUS98138</p:BICOrBEI>
              <p:Othr>
                <p:Id>772392389</p:Id>
              </p:Othr>
            </p:OrgId>
          </p:Id>
        </p:Cdtr>
        <p:CdtrAcct>
          <p:Id>
            <p:IBAN>CT878236763017</p:IBAN>
          </p:Id>
        </p:CdtrAcct>
      </p:CdtTrfTxInf>
    </p:PmtInf>
  </p:CstmrCdtTrfInitn>
</p:Document>